<record><leader>00000cas a2200000 a 4500</leader><controlfield tag="001">12282083</controlfield><controlfield tag="008">850719d19001902ksuwr ne      0    0eng d</controlfield><datafield ind1=" " ind2=" " tag="010"><subfield code="a">sn 85031407 </subfield></datafield><datafield ind1=" " ind2=" " tag="040"><subfield code="a">KSH</subfield><subfield code="b">eng</subfield><subfield code="c">KSH</subfield><subfield code="d">NPT</subfield><subfield code="d">OCL</subfield><subfield code="d">OCLCQ</subfield></datafield><datafield ind1=" " ind2=" " tag="042"><subfield code="a">msc</subfield></datafield><datafield ind1="0" ind2="4" tag="245"><subfield code="a">The Coffeyville democrat.</subfield></datafield><datafield ind1=" " ind2=" " tag="260"><subfield code="a">Coffeyville, Kan. :</subfield><subfield code="b">James P. Easterly,</subfield><subfield code="c">1900-1902.</subfield></datafield><datafield ind1=" " ind2=" " tag="300"><subfield code="a">2 v. ;</subfield><subfield code="c">59 cm.</subfield></datafield><datafield ind1=" " ind2=" " tag="310"><subfield code="a">Weekly</subfield></datafield><datafield ind1="0" ind2=" " tag="362"><subfield code="a">Vol. 5, no. 5 (June 15, 1900)-v. 7, no. 3 (May 30, 1902).</subfield></datafield><datafield ind1=" " ind2=" " tag="500"><subfield code="a">Published by: Democrat Printing Co., Aug. 16, 1901-May 2, 1902; Coffeyville Printing Co., May 9-30, 1902.</subfield></datafield><datafield ind1=" " ind2=" " tag="500"><subfield code="a">"Democratic."</subfield></datafield><datafield ind1=" " ind2=" " tag="752"><subfield code="a">United States</subfield><subfield code="b">Kansas</subfield><subfield code="c">Montgomery</subfield><subfield code="d">Coffeyville.</subfield></datafield><datafield ind1="0" ind2="0" tag="780"><subfield code="t">Montgomery County democrat (Coffeyville, Kan.)</subfield><subfield code="w">(DLC)sn 85031406</subfield></datafield><datafield ind1="0" ind2="0" tag="785"><subfield code="t">Coffeyville record (Coffeyville, Kan. : Weekly)</subfield><subfield code="w">(DLC)sn 85031408</subfield></datafield></record>